<?xml version="1.0" encoding="UTF-8"?><record xmlns="http://www.loc.gov/MARC21/slim" xmlns:cinclude="http://apache.org/cocoon/include/1.0" xmlns:zs="http://www.loc.gov/zing/srw/">
  <leader>00688cz  a2200181n  4500</leader>
  <controlfield tag="001">no2015078882</controlfield>
  <controlfield tag="003">DLC</controlfield>
  <controlfield tag="005">20150701152231.0</controlfield>
  <controlfield tag="008">150615n| azannaabn          |n aaa     c</controlfield>
  <datafield tag="010" ind1=" " ind2=" ">
    <subfield code="a">no2015078882</subfield>
    <subfield code="z">n  81060373 </subfield>
  </datafield>
  <datafield tag="035" ind1=" " ind2=" ">
    <subfield code="a">(OCoLC)oca10192977</subfield>
  </datafield>
  <datafield tag="040" ind1=" " ind2=" ">
    <subfield code="a">ICU</subfield>
    <subfield code="b">eng</subfield>
    <subfield code="e">rda</subfield>
    <subfield code="c">ICU</subfield>
    <subfield code="d">DLC</subfield>
  </datafield>
  <datafield tag="046" ind1=" " ind2=" ">
    <subfield code="f">1958</subfield>
  </datafield>
  <datafield tag="100" ind1="1" ind2=" ">
    <subfield code="a">Arnaud, Pascal,</subfield>
    <subfield code="d">1958-</subfield>
  </datafield>
  <datafield tag="667" ind1=" " ind2=" ">
    <subfield code="a">Formerly on undifferentiated name heading: n 81060373</subfield>
  </datafield>
  <datafield tag="670" ind1=" " ind2=" ">
    <subfield code="a">Geografia e politica in Grecia e a Roma, 2009-&lt;[2013?&gt;:</subfield>
    <subfield code="b">title page (Pascal Arnaud)</subfield>
  </datafield>
  <datafield tag="670" ind1=" " ind2=" ">
    <subfield code="a">Geographica historica, 1998:</subfield>
    <subfield code="b">t.p. (Pascal Arnaud) jkt. (prof. of Roman history, UniversiteĚ de Nice)</subfield>
  </datafield>
  <datafield tag="670" ind1=" " ind2=" ">
    <subfield code="a">OCLC, viewed 6-15-2015:</subfield>
    <subfield code="b">(hdg.: Arnaud, Pascal, 1958- )</subfield>
  </datafield>
</record>